<?xml version="1.0" encoding="UTF-8"?><collection><record><leader>08030ntm a2200685 a 4500</leader><controlfield tag="001">006818758</controlfield><controlfield tag="003">MiAaHDL</controlfield><controlfield tag="005">20190719000000.0</controlfield><controlfield tag="006">m        d        </controlfield><controlfield tag="007">cr bn ---auaua</controlfield><controlfield tag="008">090615q18401860xx            00| ||per d</controlfield><datafield tag="035" ind1=" " ind2=" "><subfield code="a">(MiU)006818758</subfield></datafield><datafield tag="035" ind1=" " ind2=" "><subfield code="a">sdr-miu006818758</subfield></datafield><datafield tag="040" ind1=" " ind2=" "><subfield code="a">MiU</subfield><subfield code="c">MiU</subfield><subfield code="e">amremm</subfield></datafield><datafield tag="043" ind1=" " ind2=" "><subfield code="a">n-us-mi</subfield></datafield><datafield tag="100" ind1="1" ind2=" "><subfield code="6">880-01</subfield><subfield code="a">Ṣabā, Fatḥ ʻAlī ibn Muḥammad,</subfield><subfield code="d">d.1822 or 3.</subfield></datafield><datafield tag="240" ind1="1" ind2="0"><subfield code="6">880-02</subfield><subfield code="a">Poems.</subfield><subfield code="k">Selections</subfield></datafield><datafield tag="245" ind1="1" ind2="0"><subfield code="6">880-03</subfield><subfield code="a">[Mas̲navī-yi ʻIbratʹnāmah va Mas̲navī dar hajv-i yakī az ḥukkām,</subfield><subfield code="f">mid 19th century].</subfield></datafield><datafield tag="246" ind1="3" ind2=" "><subfield code="a">Mas̲navī-i ʻIbratʹnāmah</subfield></datafield><datafield tag="246" ind1="3" ind2=" "><subfield code="a">ʻIbratʹnāmah</subfield></datafield><datafield tag="246" ind1="3" ind2=" "><subfield code="i">Title in al-Dharīʻah (Āghā Buzurg al-Ṭihrānī):</subfield><subfield code="a">مثنوي عبرت نامه</subfield></datafield><datafield tag="246" ind1="3" ind2=" "><subfield code="i">Title from inscription on front flyleaf / 'title page' (p.1):</subfield><subfield code="a">این رساله از اشعار آبدار مرحوم فتحعلی خان صبا ملک الشعراء خاقان خلد اشیان فتحعلی شاه قاجار است</subfield></datafield><datafield tag="260" ind1=" " ind2=" "><subfield code="c">[1840-1860?].</subfield></datafield><datafield tag="300" ind1=" " ind2=" "><subfield code="a">40 leaves :</subfield><subfield code="b">paper ;</subfield><subfield code="c">126 x 94 (88 x 54) mm. bound to 130 x 96 mm.</subfield></datafield><datafield tag="500" ind1=" " ind2=" "><subfield code="a">Shelfmark: Ann Arbor, University of Michigan, Special Collections Library, Isl. Ms. 357</subfield></datafield><datafield tag="500" ind1=" " ind2=" "><subfield code="a">Origin: Lacks dated colophon ; decoration, etc. suggest mid to late 19th century.</subfield></datafield><datafield tag="500" ind1=" " ind2=" "><subfield code="a">Former shelfmark: "503 T. De M. [i.e. Tammaro De Marinis]" in pencil on upper board lining ; "(٩)" on 'title page' (flyleaf pasted to recto of opening leaf, p.1).</subfield></datafield><datafield tag="500" ind1=" " ind2=" "><subfield code="a">Binding: Pasteboards covered in light brown leather ; Type III binding (without flap) ; likely two-piece binding (seam of overlapping flanges visible at spine) ; board linings in yellow wove paper, hinges in yellow wove paper of a lighter shade, flyleaves (now pasted to opening and closing leaves) in magenta wove paper ; upper and lower covers blind-tooled in mitred-panel style with outer border in a series of s-shaped stamps framed by double rules ; sewn in white thread, two stations, somewhat tightly bound ; worked chevron endbands in yellow and red, good condition ; overall in good condition with minor abrasion and staining.</subfield></datafield><datafield tag="500" ind1=" " ind2=" "><subfield code="a">Support: European and non-European (likely Persian) laid paper ; bulk of first two gatherings (and a few folia of other gatherings) in European laid paper with roughly 9 laid lines per cm. (horizontal), and single chain lines (vertical) spaced 23-26 mm. apart, with no watermark distinctly visible (perhaps lost in folding / trimming), heavily sized and burnished to glossy, sturdy though transluscent, cream in color ; folia of other gatherings chiefly in non-European (likely Persian) laid paper with roughly 6 laid lines per cm. (vertical, somewhat diffuse and indistinct) and no chain lines clearly visible, cloudy formation, inclusions, heavily sized and burnished, sturdy though transluscent, dark cream in color ; some staining, excess adhesive, repairs, cockling.</subfield></datafield><datafield tag="500" ind1=" " ind2=" "><subfield code="a">Decoration: Elegant illuminated headpiece (ʻunwān / sarlawḥ) at opening on p.2, consisting of rectangular piece with basmalah in red set off by gold cloud-bands and gold flanking panels, surmounted by elongated piece with central knotted arabesques (in pink with red and black on a dark blue ground and gold with red and black) surrounded by swirling floral forms in light blue (outlined in dark blue), pink (outlined in lavender), orange, red, bright green and yellow on a gold ground, all set in a heavy well with red band overlaid with delicate repeating vegetal motifs in white, light blue and yellow and a heavy band of gold interlace defined by bright green bands ; written area throughout surrounded by gold frame with outermost blue rule, divisions within and margins defined by narrow gold bands outlined in black ; glosses and opening section heading rubricated (elsewhere division between sections indicated by a line left blank).</subfield></datafield><datafield tag="500" ind1=" " ind2=" "><subfield code="a">Script: Nastaʻlīq ; elegant hand, small though spacious in a thin to medium line ; characteristically serifless with effect of words descending to baseline, superscripting of letters, elongation and exaggerated thickness of horizontal strokes, pointing mainly in distinct dots, point of final nūn set at opening of wide, angled bowl ; rubricated interlinear glosses in shikastah-nastaʻlīq.</subfield></datafield><datafield tag="500" ind1=" " ind2=" "><subfield code="a">Layout: Written in 7 lines per page with written area divided to two lines per page ; frame-ruled.</subfield></datafield><datafield tag="500" ind1=" " ind2=" "><subfield code="a">Collation: 5 IV(40) ; exclusively quaternions ; catchwords present ; pagination in pencil, Western numerals, supplied during cataloguing.</subfield></datafield><datafield tag="500" ind1=" " ind2=" "><subfield code="a">Explicit: [ʻIbratʹnāmah] "از خلوتیان اثر نیابی در بانانشان بدر نایابی" ; [Mas̲navī dar hajv-i yakī az ḥukkām / Tuḥfat al-ʻIrāqayn] "بادی ز دواهی سماوی چون دیک زناب ابن آوی"</subfield></datafield><datafield tag="500" ind1=" " ind2=" "><subfield code="a">Incipit: [ʻIbratʹnāmah] "دیباچه این خجسته دیبا پیرایۀ این پرند زیبا نام ملک الملوک اعظم آرایش چار بالش جم ..." ; [Mas̲navī dar hajv-i yakī az ḥukkām / Tuḥfat al-ʻIrāqayn] "ای طایر عیسی آفرینش چون طایر عیسوی ببینش ..."</subfield></datafield><datafield tag="500" ind1=" " ind2=" "><subfield code="a">Title supplied by cataloguer.</subfield></datafield><datafield tag="500" ind1=" " ind2=" "><subfield code="a">Ms. codex.</subfield></datafield><datafield tag="505" ind1="0" ind2=" "><subfield code="a">2. p.65-p.78 : [Mas̲navī dar hajv-i yakī az ḥukkām] / Ṣabā, Fatḥ ʻAlī ibn Muḥammad.</subfield></datafield><datafield tag="505" ind1="0" ind2=" "><subfield code="a">1. p.2-p.65: [Mas̲navī-yi ʻIbratʹnāmah] / Ṣabā, Fatḥ ʻAlī ibn Muḥammad.</subfield></datafield><datafield tag="510" ind1="4" ind2=" "><subfield code="a">متقی،حسین. "گزیده ای از دستنویس های طنز، هزل، هجو و محاضرات ادبی موجود در کتابخانه ی مجلس شورای اسلامی." پیام بهارستان، دوره دوم، (تابستان 1388 - شماره 4): 656-728</subfield></datafield><datafield tag="510" ind1="4" ind2=" "><subfield code="a">Mottaghi, Hossein. "Guzīdah-i az dastʹnavīsʹhā-yi ṭanz, hazl, hajv va muḥāzirāt-i adabī, mawjud dar Kitabkhānah-yi Majlis-i Shūrā-yi Islāmī, Tihrān." Payām-i Bahāristān (Tehran), dawrah II, I, 4 (Tābistān 1388 [Summer 2009]): 656-728,</subfield><subfield code="c">p.703, no.15304</subfield></datafield><datafield tag="510" ind1="4" ind2=" "><subfield code="a">Dīvān-i ashʻār-i Malik al-Shuʻarāʼ Fatḥ ʻAlī Khān Ṣabā. Muḥammad ʻAlī Najātī, Ed. ([Tehran]: Iqbal. 1962),</subfield><subfield code="c">pp.757-778 ; 779-783</subfield></datafield><datafield tag="510" ind1="4" ind2=" "><subfield code="a">Cat. Pers. MSS. Brit. Mus.,</subfield><subfield code="c">p. 722</subfield></datafield><datafield tag="510" ind1="4" ind2=" "><subfield code="a">EI2, "Ṣabā , Fatḥ ʻAlī Ḵẖān,"</subfield><subfield code="c">vol. VIII, p. 665, col. 2</subfield></datafield><datafield tag="510" ind1="4" ind2=" "><subfield code="a">Āghā Buzurg al-Ṭihrānī. al-Dharīʻah ilá taṣānīf al-Shīʻah,</subfield><subfield code="c">v.19 p.244</subfield></datafield><datafield tag="520" ind1="8" ind2=" "><subfield code="a">Elegant, pocket-sized copy of two satirical mas̲navīs from the collected works (kullīyāt / dīvān-i ashʻār) of Ṣabā-yi Kāshānī, Fatḥ ʻAlī Khān known as Malik al-Shuʻarāʼ (d.1822 or 3), namely the ʻIbratʹnāmah, denouncing individuals making mischief during the reign of Fatḥ ʻAlī Shāh Qājār (r.1797-1834) followed (as though it were simply another section of the preceding) by Mas̲navī dar hajv-i yakī az ḥukkām also called Tuḥfat al-ʻIrāqayn.</subfield></datafield><datafield tag="538" ind1=" " ind2=" "><subfield code="a">Mode of access: Internet.</subfield></datafield><datafield tag="541" ind1=" " ind2=" "><subfield code="c">Purchase ;</subfield><subfield code="a">Acquired by purchase (funds donated by Horace Rackham).</subfield><subfield code="d">1924.</subfield></datafield><datafield tag="546" ind1=" " ind2=" "><subfield code="a">Persian.</subfield></datafield><datafield tag="561" ind1=" " ind2=" "><subfield code="a">Note on final leaf entered by one Abū al-Qāsim ; extensive interlinear and marginal glosses.</subfield></datafield><datafield tag="650" ind1=" " ind2="0"><subfield code="a">Manuscripts, Persian</subfield><subfield code="z">Michigan</subfield><subfield code="z">Ann Arbor.</subfield></datafield><datafield tag="650" ind1=" " ind2="0"><subfield code="a">Epic poetry, Persian</subfield><subfield code="v">Early works to 1800.</subfield></datafield><datafield tag="650" ind1=" " ind2="0"><subfield code="a">Masnavis, Persian</subfield><subfield code="v">Early works to 1800.</subfield></datafield><datafield tag="650" ind1=" " ind2="0"><subfield code="a">Persian poetry</subfield><subfield code="y">19th century.</subfield></datafield><datafield tag="651" ind1=" " ind2="0"><subfield code="a">Iran</subfield><subfield code="x">History</subfield><subfield code="y">Qajar dynasty, 1794-1925</subfield><subfield code="v">Sources.</subfield></datafield><datafield tag="655" ind1=" " ind2="7"><subfield code="a">Headpieces (layout features)</subfield><subfield code="y">19th century.</subfield><subfield code="2">aat</subfield></datafield><datafield tag="700" ind1="0" ind2=" "><subfield code="a">Abdülhamid</subfield><subfield code="b">II,</subfield><subfield code="c">Sultan of the Turks,</subfield><subfield code="d">1842-1918,</subfield><subfield code="e">former owner.</subfield></datafield><datafield tag="740" ind1="0" ind2="2"><subfield code="a">مثنوى در هجو يكى از حكام</subfield></datafield><datafield tag="740" ind1="0" ind2="2"><subfield code="a">مثنوی در هجو یکی از حکام</subfield></datafield><datafield tag="773" ind1="0" ind2=" "><subfield code="a">Abdul Hamid Collection.</subfield></datafield><datafield tag="880" ind1="1" ind2="0"><subfield code="6">245-03/</subfield><subfield code="a">[مثنوی عبرت نامه و مثنوی در هجو یکی از حکام،</subfield><subfield code="f">نیمه قرن 19م].</subfield></datafield><datafield tag="880" ind1="1" ind2="0"><subfield code="6">240-02/</subfield><subfield code="a">اشعار.</subfield><subfield code="k">منتخبات</subfield></datafield><datafield tag="880" ind1="1" ind2=" "><subfield code="6">100-01/</subfield><subfield code="a">صبا، فتح على بن محمد.</subfield></datafield><datafield tag="CID" ind1=" " ind2=" "><subfield code="a">006818758</subfield></datafield><datafield tag="DAT" ind1="0" ind2=" "><subfield code="a">20190719102639.0</subfield><subfield code="b">20190719000000.0</subfield></datafield><datafield tag="DAT" ind1="1" ind2=" "><subfield code="a">20190719090653.0</subfield><subfield code="b">2019-07-19T16:10:55Z</subfield></datafield><datafield tag="DAT" ind1="2" ind2=" "><subfield code="a">2015-10-02T18:00:03Z</subfield></datafield><datafield tag="CAT" ind1=" " ind2=" "><subfield code="a">SDR-MIU</subfield><subfield code="d">EX LIBRIS - ALEPH</subfield><subfield code="l">prepare.pl-004-008</subfield></datafield><datafield tag="FMT" ind1=" " ind2=" "><subfield code="a">BK</subfield></datafield><datafield tag="HOL" ind1=" " ind2=" "><subfield code="0">sdr-miu006818758</subfield><subfield code="a">MiU</subfield><subfield code="b">SDR</subfield><subfield code="c">MIU</subfield><subfield code="p">mdp.39015079129998</subfield><subfield code="s">MIU</subfield><subfield code="1">006818758</subfield></datafield><datafield tag="974" ind1=" " ind2=" "><subfield code="b">MIU</subfield><subfield code="c">MIU</subfield><subfield code="d">20190719</subfield><subfield code="s">lit-dlps-dc</subfield><subfield code="u">mdp.39015079129998</subfield><subfield code="y">1860</subfield><subfield code="r">pd</subfield><subfield code="q">bib</subfield><subfield code="t">non-US bib date2 &lt; 1879</subfield></datafield></record></collection>